<record><leader>00000cas a22000007a 4500</leader><controlfield tag="001">11249451</controlfield><controlfield tag="008">841010d19221925mtuwr ne      0    0eng d</controlfield><datafield ind1=" " ind2=" " tag="010"><subfield code="a">sn 84036204 </subfield></datafield><datafield ind1=" " ind2=" " tag="040"><subfield code="a">MTL</subfield><subfield code="b">eng</subfield><subfield code="c">MTL</subfield><subfield code="d">OCLCQ</subfield></datafield><datafield ind1=" " ind2=" " tag="042"><subfield code="a">msc</subfield></datafield><datafield ind1="0" ind2="0" tag="245"><subfield code="a">Darby dispatch.</subfield></datafield><datafield ind1=" " ind2=" " tag="260"><subfield code="a">Darby, Mont. :</subfield><subfield code="b">E.F. McRae</subfield></datafield><datafield ind1=" " ind2=" " tag="300"><subfield code="a">v. :</subfield><subfield code="b">ill. ;</subfield><subfield code="c">56 cm.</subfield></datafield><datafield ind1=" " ind2=" " tag="310"><subfield code="a">Weekly</subfield></datafield><datafield ind1="1" ind2=" " tag="362"><subfield code="a">Began in 1922.</subfield><subfield code="z">Cf. Newspaper directory of Montana, 1922 &amp; 1925.</subfield></datafield><datafield ind1=" " ind2=" " tag="500"><subfield code="a">"The Dispatch is independent in politics."</subfield></datafield><datafield ind1=" " ind2=" " tag="588"><subfield code="a">Description based on: Vol. 3, no. 9 (Aug. 1, 1924).</subfield></datafield><datafield ind1=" " ind2=" " tag="752"><subfield code="a">United States</subfield><subfield code="b">Montana</subfield><subfield code="c">Ravalli</subfield><subfield code="d">Darby.</subfield></datafield><datafield ind1="0" ind2="4" tag="785"><subfield code="t">Western news (Hamilton, Mont.)</subfield><subfield code="g">July 1925</subfield><subfield code="w">(DLC)sn 84036207</subfield></datafield><datafield ind1="1" ind2=" " tag="029"><subfield code="a">AU@</subfield><subfield code="b">000025811229</subfield></datafield></record>